@misc{healthbank,
	author = {Healthbank Cooperative},
	title = {{Healthbank	}},
	howpublished = "\url{http://healthbank.ch/}",
	year = {2013},
	note = "[Online; last accessed 29-September-2013]"
}
@misc{MongoDB,
	author = {MongoDB},
	title = {{MongoDB}},
	howpublished = "\url{http://www.mongodb.org/}",
	year = {2013},
	note = "[Online; last accessed 03-September-2013]"
}
@misc{MongoDBDoc,
	author = {MongoDB},
	title = {{MongoDB Documentation}},
	howpublished = "\url{http://docs.mongodb.org/manual/}",
	year = {2013},
	note = "[Online; last accessed 22-September-2013]"
}
@misc{JSON,
	author = {json.org},
	title = {{JSON}},
	howpublished = "\url{http://json.org/}",
	year = {2013},
	note = "[Online; last accessed 03-September-2013]"
}
@misc{jQuery,
	author = {The jQuery Foundation},
	title = {{jQuery}},
	howpublished = "\url{http://jquery.com/}",
	year = {2013},
	note = "[Online; last accessed 03-September-2013]"
}
@misc{JavaServlets,
	author = {Oracle},
	title = {{Java Servlets}},
	howpublished = "\url{http://docs.oracle.com/javaee/7/tutorial/doc/servlets.htm}",
	year = {2013},
	note = "[Online; last accessed 03-September-2013]"
}
@misc{sameOrigin,
	author = {W3C},
	title = {{Same Origin Policy}},
	howpublished = "\url{http://www.w3.org/Security/wiki/Same_Origin_Policy}",
	year = {2013},
	note = "[Online; last accessed 03-September-2013]"
}
@misc{mongoJavaDriver,
	author = {MongoDB},
	title = {{Java Driver for MongoDB}},
	howpublished = "\url{http://docs.mongodb.org/ecosystem/drivers/java/}",
	year = {2013},
	note = "[Online; last accessed 03-September-2013]"
}
@article{mandl2007indivo,
  title={Indivo: a personally controlled health record for health information exchange and communication},
  author={Mandl, Kenneth D and Simons, William W and Crawford, William CR and Abbett, Jonathan M},
  journal={BMC medical informatics and decision making},
  volume={7},
  number={1},
  pages={25},
  year={2007},
  publisher={BioMed Central Ltd}
}
@inproceedings{adida2010indivo,
  title={Indivo x: developing a fully substitutable personally controlled health record platform},
  author={Adida, Ben and Sanyal, Arjun and Zabak, Steve and Kohane, Isaac S and Mandl, Kenneth D},
  booktitle={AMIA Annual Symposium Proceedings},
  volume={2010},
  pages={6},
  year={2010},
  organization={American Medical Informatics Association}
}
@article{kibbe2004continuity,
  title={The continuity of care record.},
  author={Kibbe, David C and Phillips Jr, Robert L and Green, Larry A},
  journal={American family physician},
  volume={70},
  number={7},
  pages={1220--1222},
  year={2004}
}
@misc{googlePlus,
	author = {Google},
	title = {{Google+	}},
	howpublished = "\url{https://plus.google.com/}",
	year = {2013},
	note = "[Online; last accessed 29-September-2013]"
}
@misc{openmhealth,
	author = {Open mHealth},
	title = {{Open mHealth Project	}},
	howpublished = "\url{http://openmhealth.org/}",
	year = {2013},
	note = "[Online; last accessed 13-September-2013]"
}
@misc{indivohealth,
	author = { Children's Hospital Informatics Program},
	title = {{INDIVO(TM)	}},
	howpublished = "\url{http://indivohealth.org/}",
	year = {2013},
	note = "[Online; last accessed 13-September-2013]"
}
@misc{indivoDoc,
	author = {  Children's Hospital Boston },
	title = {{INDIVO(TM) Documentation	}},
	howpublished = "\url{http://docs.indivohealth.org/en/2.0/}",
	year = {2013},
	note = "[Online; last accessed 15-September-2013]"
}
@misc{django,
	author = {  Django Project },
	title = {{Django - Models and databases	}},
	howpublished = "\url{https://docs.djangoproject.com/en/dev/topics/db/}",
	year = {2013},
	note = "[Online; last accessed 29-September-2013]"
}
@misc{bfsadmin,
	author = {  Swiss Federal Statistical Office },
	title = {{Health expenses in Switzerland, 2011	}},
	howpublished = "\url{http://www.bfs.admin.ch/bfs/portal/de/index/news/medienmitteilungen.html?pressID=8699}",
	year = {2013},
	note = "[Online; last accessed 28-September-2013]"
}
@misc{googlehealthwiki,
	author = {  Wikipedia },
	title = {{ The Google Health project	}},
	howpublished = "\url{http://en.wikipedia.org/wiki/Google_Health}",
	year = {2013},
	note = "[Online; last accessed 28-September-2013]"
}
@misc{googleblog,
	author = {  Google },
	title = {{ The Google Blog - Update on Google Health	}},
	howpublished = "\url{http://googleblog.blogspot.com/2011/06/update-on-google-health-and-google.html}",
	year = {2013},
	note = "[Online; last accessed 28-September-2013]"
}
@misc{healthvault,
	author = {  Microsoft },
	title = {{ Microsoft Healthvault project	}},
	howpublished = "\url{https://www.healthvault.com}",
	year = {2013},
	note = "[Online; last accessed 28-September-2013]"
}
@misc{hisp,
	author = {  Jason Stanis },
	title = {{ The Health IT Synthesis Project }},
	howpublished = "\url{http://healthtechsynthesis.wordpress.com/2009/05/12/consultant_guide_to_google_health_part_i_of_iv/}",
	year = {2013},
	note = "[Online; last accessed 29-September-2013]"
}
@misc{smart,
	author = {  Substitutable Medical Apps and Reusable Technology },
	title = {{ The SMART platform }},
	howpublished = "\url{http://smartplatforms.org/}",
	year = {2013},
	note = "[Online; last accessed 29-September-2013]"
}
@misc{23andme,
	author = {  23andMe },
	title = {{ 23andMe website }},
	howpublished = "\url{https://www.23andme.com/}",
	year = {2013},
	note = "[Online; last accessed 29-September-2013]"
}
@misc{plm,
	author = {  PatientsLikeMe },
	title = {{ PatientsLikeMe website }},
	howpublished = "\url{http://www.patientslikeme.com/}",
	year = {2013},
	note = "[Online; last accessed 29-September-2013]"
}
@misc{facebook,
	author = {  Facebook },
	title = {{ Facebook }},
	howpublished = "\url{https://www.facebook.com/}",
	year = {2013},
	note = "[Online; last accessed 29-September-2013]"
}
@misc{runtastic,
	author = {  Runtastic },
	title = {{ Runtastic sports application }},
	howpublished = "\url{http://www.runtastic.com/}",
	year = {2013},
	note = "[Online; last accessed 29-September-2013]"
}
@misc{localstorage,
	author = {  Mozilla },
	title = {{ Local Storage on Mozilla Developers }},
	howpublished = "\url{https://developer.mozilla.org/en-US/docs/Web/Guide/API/DOM/Storage\#localStorage}",
	year = {2013},
	note = "[Online; last accessed 29-September-2013]"
}
@misc{chartapi,
	author = {  Google },
	title = {{ Google Chart API }},
	howpublished = "\url{https://developers.google.com/chart/}",
	year = {2013},
	note = "[Online; last accessed 29-September-2013]"
}
@misc{mongosecurity,
	author = {  MongoDB },
	title = {{ MongoDB security }},
	howpublished = "\url{http://docs.mongodb.org/manual/security/}",
	year = {2013},
	note = "[Online; last accessed 29-September-2013]"
}
@misc{apachecommons,
	author = {  Apache },
	title = {{ Apache Commons Project }},
	howpublished = "\url{http://commons.apache.org/}",
	year = {2013},
	note = "[Online; last accessed 29-September-2013]"
}
@misc{jsonsimple,
	author = {  Yidong Fang },
	title = {{ JSON.simple framework }},
	howpublished = "\url{https://code.google.com/p/json-simple/}",
	year = {2013},
	note = "[Online; last accessed 29-September-2013]"
}
@misc{gwt,
	author = {  Google },
	title = {{ Google Web Toolkit }},
	howpublished = "\url{http://www.gwtproject.org/}",
	year = {2013},
	note = "[Online; last accessed 29-September-2013]"
}
@misc{spring,
	author = {  GoPivotal, Inc. },
	title = {{ Java Spring }},
	howpublished = "\url{http://spring.io/}",
	year = {2013},
	note = "[Online; last accessed 29-September-2013]"
}
@misc{lucene,
	author = {  Apache },
	title = {{ Apache Lucene and Solr }},
	howpublished = "\url{http://lucene.apache.org/}",
	year = {2013},
	note = "[Online; last accessed 29-September-2013]"
}
@misc{elasticsearch,
	author = {  Elasticsearch },
	title = {{ Elasticsearch }},
	howpublished = "\url{http://www.elasticsearch.org/}",
	year = {2013},
	note = "[Online; last accessed 29-September-2013]"
}